@article{hu2020characteristics,
  title={Characteristics of SARS-CoV-2 and COVID-19},
  author={Hu, Ben and Guo, Hua and Zhou, Peng and Shi, Zheng-Li},
  journal={Nature Reviews Microbiology},
  pages={1--14},
  year={2020},
  publisher={Nature Publishing Group}
}

@article{niemeyer2008geohash,
  title={Geohash},
  author={Niemeyer, Gustavo},
  journal={Retrieved June},
  volume={6},
  pages={2018},
  year={2008}
}

@article{lau2020positive,
  title={The positive impact of lockdown in Wuhan on containing the COVID-19 outbreak in China},
  author={Lau, Hien and Khosrawipour, Veria and Kocbach, Piotr and Mikolajczyk, Agata and Schubert, Justyna and Bania, Jacek and Khosrawipour, Tanja},
  journal={Journal of travel medicine},
  volume={27},
  number={3},
  pages={taaa037},
  year={2020},
  publisher={Oxford University Press}
}
